%% This BibTeX bibliography file was created using BibDesk.
%% https://bibdesk.sourceforge.io/

%% Created for Decory Edwards at 2022-12-28 17:56:34 -0500 


%% Saved with string encoding Unicode (UTF-8) 


@preamble{"\providecommand{\noopsort}[1]{}            \providecommand{\singleletter}[1]{#1} "}



@article{daah67,
	abstract = {Economists' use of the term ``equality'' in reference to a distribution of incomes has historically been in the sense of a consensus for some statistical characteristic(s) of the distribution rather than a firm concept of equality. Of course such a concept rests on appropriate welfare assumptions about income and its distribution, assumptions which, for the most part, have been left implicit (and unknown) in discussions of income equality in the literature. Our purpose in this paper is dual: first, we wish to discover an unambiguous, welfare‐related equality measure. This we accomplish through suitable assumptions on a social welfare function. What is produced is an ``index'' of equality which describes the performance of a given distribution relative to the maximum welfare derivable from the total income it represents. The measure thus depends functionally on the welfare attributes of income, something which in reality we know little about. This impasse leads us to inquire into the sensitivity of the index over specifications of the welfare function, which is done by comparing equality ranks for the states of the United States for 1960 under various functional forms and among curves within a given form. As an interesting secondary issue, the performance of traditional equality measures is tested relative to the welfare‐oriented index to discover implications about their welfare content. It is found that the equality index is, in certain ranges for the welfare function, insensitive to its specification. The findings lead directly to conclusions concerning traditional equality measures, their usefulness in correctly accounting for equality differences among alternative income distributions and, concomitantly, their implicit welfare inputs.},
	author = {D. J. Aigner and A. J. Heins},
	date-modified = {2022-12-13 12:13:50 -0500},
	doi = {10.1111/j.1475-4991.1967.},
	journal = {Review of Income and Wealth},
	month = {March},
	number = {1},
	pages = {12-25},
	title = {{A Social Welfare View Of The Measurement Of Income Equality}},
	url = {https://ideas.repec.org/a/bla/revinw/v13y1967i1p12-25.html},
	volume = {13},
	year = 1967,
	bdsk-file-1 = {YnBsaXN0MDDSAQIDBFxyZWxhdGl2ZVBhdGhZYWxpYXNEYXRhXxCFLi4vLi4vLi4vZWNvbi1hcmsvd3JpdGluZyB0ZW1wbGF0ZS9SZWZlcmVuY2VzL1BkZnMvQWlnbmVyLCBIZWlucyAtIEEgc29jaWFsIHdlbGZhcmUgdmlldyBvZiB0aGUgbWVhc3VyZW1lbnQgb2YgaW5jb21lIGluZXF1YWxpdHkgLnBkZk8RAqwAAAAAAqwAAgAADE1hY2ludG9zaCBIRAAAAAAAAAAAAAAAAAAAAN+BDnVCRAAB/////x9BaWduZXIsIEhlaW5zIC0gQSAjRkZGRkZGRkYucGRmAAAAAAAAAAAAAAAAAAAAAAAAAAAAAAAAAAAAAAAAAAD/////3mi8XwAAAAAAAAAAAAMABQAACiBjdQAAAAAAAAAAAAAAAAAEUGRmcwACAJgvOlVzZXJzOmRjOkRyb3Bib3g6cmVzZWFyY2g6ZWNvbi1hcms6d3JpdGluZyB0ZW1wbGF0ZTpSZWZlcmVuY2VzOlBkZnM6QWlnbmVyLCBIZWlucyAtIEEgc29jaWFsIHdlbGZhcmUgdmlldyBvZiB0aGUgbWVhc3VyZW1lbnQgb2YgaW5jb21lIGluZXF1YWxpdHkgLnBkZgAOAKYAUgBBAGkAZwBuAGUAcgAsACAASABlAGkAbgBzACAALQAgAEEAIABzAG8AYwBpAGEAbAAgAHcAZQBsAGYAYQByAGUAIAB2AGkAZQB3ACAAbwBmACAAdABoAGUAIABtAGUAYQBzAHUAcgBlAG0AZQBuAHQAIABvAGYAIABpAG4AYwBvAG0AZQAgAGkAbgBlAHEAdQBhAGwAaQB0AHkAIAAuAHAAZABmAA8AGgAMAE0AYQBjAGkAbgB0AG8AcwBoACAASABEABIAllVzZXJzL2RjL0Ryb3Bib3gvcmVzZWFyY2gvZWNvbi1hcmsvd3JpdGluZyB0ZW1wbGF0ZS9SZWZlcmVuY2VzL1BkZnMvQWlnbmVyLCBIZWlucyAtIEEgc29jaWFsIHdlbGZhcmUgdmlldyBvZiB0aGUgbWVhc3VyZW1lbnQgb2YgaW5jb21lIGluZXF1YWxpdHkgLnBkZgATAAEvAAAVAAIACf//AAAACAANABoAJACsAAAAAAAAAgEAAAAAAAAABQAAAAAAAAAAAAAAAAAAA1w=},
	bdsk-url-1 = {https://ideas.repec.org/a/bla/revinw/v13y1967i1p12-25.html},
	bdsk-url-2 = {https://doi.org/10.1111/j.1475-4991.1967.}}

@article{aa71,
	author = {A. B. Atkinson},
	date-modified = {2022-12-13 12:23:23 -0500},
	issn = {00307653, 14643812},
	journal = {Oxford Economic Papers},
	number = {2},
	pages = {239--254},
	publisher = {Oxford University Press},
	title = {The Distribution of Wealth and the Individual Life-Cycle},
	url = {http://www.jstor.org/stable/2662236},
	urldate = {2022-12-13},
	volume = {23},
	year = {1971},
	bdsk-file-1 = {YnBsaXN0MDDSAQIDBFxyZWxhdGl2ZVBhdGhZYWxpYXNEYXRhXxBnLi4vLi4vLi4vZWNvbi1hcmsvd3JpdGluZyB0ZW1wbGF0ZS9SZWZlcmVuY2VzL1BkZnMvQXRraW5zb24gMTk3MCAtIE9uIHRoZSBtZWFzdXJlbWVudCBvZiBpbmVxdWFsaXR5LnBkZk8RAjQAAAAAAjQAAgAADE1hY2ludG9zaCBIRAAAAAAAAAAAAAAAAAAAAN+BDnVCRAAB/////x9BdGtpbnNvbiAxOTcwIC0gT24jRkZGRkZGRkYucGRmAAAAAAAAAAAAAAAAAAAAAAAAAAAAAAAAAAAAAAAAAAD/////3mi+QgAAAAAAAAAAAAMABQAACiBjdQAAAAAAAAAAAAAAAAAEUGRmcwACAHovOlVzZXJzOmRjOkRyb3Bib3g6cmVzZWFyY2g6ZWNvbi1hcms6d3JpdGluZyB0ZW1wbGF0ZTpSZWZlcmVuY2VzOlBkZnM6QXRraW5zb24gMTk3MCAtIE9uIHRoZSBtZWFzdXJlbWVudCBvZiBpbmVxdWFsaXR5LnBkZgAOAGoANABBAHQAawBpAG4AcwBvAG4AIAAxADkANwAwACAALQAgAE8AbgAgAHQAaABlACAAbQBlAGEAcwB1AHIAZQBtAGUAbgB0ACAAbwBmACAAaQBuAGUAcQB1AGEAbABpAHQAeQAuAHAAZABmAA8AGgAMAE0AYQBjAGkAbgB0AG8AcwBoACAASABEABIAeFVzZXJzL2RjL0Ryb3Bib3gvcmVzZWFyY2gvZWNvbi1hcmsvd3JpdGluZyB0ZW1wbGF0ZS9SZWZlcmVuY2VzL1BkZnMvQXRraW5zb24gMTk3MCAtIE9uIHRoZSBtZWFzdXJlbWVudCBvZiBpbmVxdWFsaXR5LnBkZgATAAEvAAAVAAIACf//AAAACAANABoAJACOAAAAAAAAAgEAAAAAAAAABQAAAAAAAAAAAAAAAAAAAsY=},
	bdsk-url-1 = {http://www.jstor.org/stable/2662236}}

@article{aa70,
	author = {Atkinson, Anthony},
	date-modified = {2022-12-13 12:20:13 -0500},
	journal = {Journal of Economic Theory},
	number = {3},
	pages = {244-263},
	title = {On the measurement of inequality},
	url = {https://EconPapers.repec.org/RePEc:eee:jetheo:v:2:y:1970:i:3:p:244-263},
	volume = {2},
	year = {1970},
	bdsk-file-1 = {YnBsaXN0MDDSAQIDBFxyZWxhdGl2ZVBhdGhZYWxpYXNEYXRhXxBnLi4vLi4vLi4vZWNvbi1hcmsvd3JpdGluZyB0ZW1wbGF0ZS9SZWZlcmVuY2VzL1BkZnMvQXRraW5zb24gMTk3MCAtIE9uIHRoZSBtZWFzdXJlbWVudCBvZiBpbmVxdWFsaXR5LnBkZk8RAjQAAAAAAjQAAgAADE1hY2ludG9zaCBIRAAAAAAAAAAAAAAAAAAAAN+BDnVCRAAB/////x9BdGtpbnNvbiAxOTcwIC0gT24jRkZGRkZGRkYucGRmAAAAAAAAAAAAAAAAAAAAAAAAAAAAAAAAAAAAAAAAAAD/////3mi+QgAAAAAAAAAAAAMABQAACiBjdQAAAAAAAAAAAAAAAAAEUGRmcwACAHovOlVzZXJzOmRjOkRyb3Bib3g6cmVzZWFyY2g6ZWNvbi1hcms6d3JpdGluZyB0ZW1wbGF0ZTpSZWZlcmVuY2VzOlBkZnM6QXRraW5zb24gMTk3MCAtIE9uIHRoZSBtZWFzdXJlbWVudCBvZiBpbmVxdWFsaXR5LnBkZgAOAGoANABBAHQAawBpAG4AcwBvAG4AIAAxADkANwAwACAALQAgAE8AbgAgAHQAaABlACAAbQBlAGEAcwB1AHIAZQBtAGUAbgB0ACAAbwBmACAAaQBuAGUAcQB1AGEAbABpAHQAeQAuAHAAZABmAA8AGgAMAE0AYQBjAGkAbgB0AG8AcwBoACAASABEABIAeFVzZXJzL2RjL0Ryb3Bib3gvcmVzZWFyY2gvZWNvbi1hcmsvd3JpdGluZyB0ZW1wbGF0ZS9SZWZlcmVuY2VzL1BkZnMvQXRraW5zb24gMTk3MCAtIE9uIHRoZSBtZWFzdXJlbWVudCBvZiBpbmVxdWFsaXR5LnBkZgATAAEvAAAVAAIACf//AAAACAANABoAJACOAAAAAAAAAgEAAAAAAAAABQAAAAAAAAAAAAAAAAAAAsY=},
	bdsk-url-1 = {https://EconPapers.repec.org/RePEc:eee:jetheo:v:2:y:1970:i:3:p:244-263}}

@techreport{ccmk06,
	abstract = {This is an entry for The New Palgrave Dictionary of Economics, 2nd Ed.},
	author = {Carroll, Christopher and Kimball, Miles},
	date-modified = {2022-12-13 12:20:54 -0500},
	institution = {The Johns Hopkins University,Department of Economics},
	title = {Precautionary Saving and Precautionary Wealth},
	type = {Economics Working Paper Archive},
	url = {https://EconPapers.repec.org/RePEc:jhu:papers:530},
	year = {2006},
	bdsk-file-1 = {YnBsaXN0MDDSAQIDBFxyZWxhdGl2ZVBhdGhZYWxpYXNEYXRhXxBeLi4vLi4vLi4vZWNvbi1hcmsvd3JpdGluZyB0ZW1wbGF0ZS9SZWZlcmVuY2VzL1BkZnMvQ2Fycm9sLCBLaW1iYWxsIC0gcGFsZ3JhdmVwcmVjYXV0aW9uYXJ5LnBkZk8RAhIAAAAAAhIAAgAADE1hY2ludG9zaCBIRAAAAAAAAAAAAAAAAAAAAN+BDnVCRAAB/////x9DYXJyb2wsIEtpbWJhbGwgLSAjRkZGRkZGRkYucGRmAAAAAAAAAAAAAAAAAAAAAAAAAAAAAAAAAAAAAAAAAAD/////3mjCUQAAAAAAAAAAAAMABQAACiBjdQAAAAAAAAAAAAAAAAAEUGRmcwACAHEvOlVzZXJzOmRjOkRyb3Bib3g6cmVzZWFyY2g6ZWNvbi1hcms6d3JpdGluZyB0ZW1wbGF0ZTpSZWZlcmVuY2VzOlBkZnM6Q2Fycm9sLCBLaW1iYWxsIC0gcGFsZ3JhdmVwcmVjYXV0aW9uYXJ5LnBkZgAADgBYACsAQwBhAHIAcgBvAGwALAAgAEsAaQBtAGIAYQBsAGwAIAAtACAAcABhAGwAZwByAGEAdgBlAHAAcgBlAGMAYQB1AHQAaQBvAG4AYQByAHkALgBwAGQAZgAPABoADABNAGEAYwBpAG4AdABvAHMAaAAgAEgARAASAG9Vc2Vycy9kYy9Ecm9wYm94L3Jlc2VhcmNoL2Vjb24tYXJrL3dyaXRpbmcgdGVtcGxhdGUvUmVmZXJlbmNlcy9QZGZzL0NhcnJvbCwgS2ltYmFsbCAtIHBhbGdyYXZlcHJlY2F1dGlvbmFyeS5wZGYAABMAAS8AABUAAgAJ//8AAAAIAA0AGgAkAIUAAAAAAAACAQAAAAAAAAAFAAAAAAAAAAAAAAAAAAACmw==},
	bdsk-url-1 = {https://EconPapers.repec.org/RePEc:jhu:papers:530}}

@article{RePEc:eee:jetheo:v:199:y:2022:i:c:s002205311930050x,
	abstract = {We study how changes in wealth affect ambiguity attitudes. We define a decision maker as decreasing (resp., increasing) absolute ambiguity averse if he becomes less (resp., more) ambiguity averse as he becomes richer. Our definition is behavioral. We provide different characterizations of these attitudes for a large class of preferences: monotone and continuous preferences which satisfy risk independence. We then specialize our results for different subclasses of preferences. Inter alia, our characterizations provide alternative ways to test experimentally the validity of some of the models of choice under uncertainty.},
	author = {Cerreia-Vioglio, Simone and Maccheroni, Fabio and Marinacci, Massimo},
	journal = {Journal of Economic Theory},
	keywords = {Ambiguity; Wealth effects; Absolute and relative attitudes;},
	number = {C},
	pages = {S002205311930050X},
	title = {Ambiguity aversion and wealth effects},
	url = {https://EconPapers.repec.org/RePEc:eee:jetheo:v:199:y:2022:i:c:s002205311930050x},
	volume = {199},
	year = {2022},
	bdsk-url-1 = {https://EconPapers.repec.org/RePEc:eee:jetheo:v:199:y:2022:i:c:s002205311930050x}}

@article{ccfeks15,
	author = {Chambers, Christopher and Echenique, Federico and Saito, Kota},
	date-modified = {2022-12-13 12:22:58 -0500},
	month = {01},
	title = {Testable Implications of Translation Invariance and Homotheticity: Variational, Maxmin, CARA and CRRA preferences},
	year = {2015},
	bdsk-file-1 = {YnBsaXN0MDDSAQIDBFxyZWxhdGl2ZVBhdGhZYWxpYXNEYXRhXxDFLi4vLi4vLi4vZWNvbi1hcmsvd3JpdGluZyB0ZW1wbGF0ZS9SZWZlcmVuY2VzL1BkZnMvQ2hhbWJlcnMsIEVjaGVuaXF1ZSwgU2FpdG8gLSBURVNUQUJMRSBJTVBMSUNBVElPTlMgT0YgVFJBTlNMQVRJT04gSU5WQVJJQU5DRSBBTkQgSE9NT1RIRVRJQ0lUWS0gVkFSSUFUSU9OQUwsIE1BWE1JTiwgQ0FSQSBBTkQgQ1JSQSBQUkVGRVJFTkNFUy5wZGZPEQOsAAAAAAOsAAIAAAxNYWNpbnRvc2ggSEQAAAAAAAAAAAAAAAAAAADfgQ51QkQAAf////8fQ2hhbWJlcnMsIEVjaGVuaXF1I0ZGRkZGRkZGLnBkZgAAAAAAAAAAAAAAAAAAAAAAAAAAAAAAAAAAAAAAAAAA/////95oxcdQREYgQ0FSTwADAAUAAAogY3UAAAAAAAAAAAAAAAAABFBkZnMAAgDYLzpVc2VyczpkYzpEcm9wYm94OnJlc2VhcmNoOmVjb24tYXJrOndyaXRpbmcgdGVtcGxhdGU6UmVmZXJlbmNlczpQZGZzOkNoYW1iZXJzLCBFY2hlbmlxdWUsIFNhaXRvIC0gVEVTVEFCTEUgSU1QTElDQVRJT05TIE9GIFRSQU5TTEFUSU9OIElOVkFSSUFOQ0UgQU5EIEhPTU9USEVUSUNJVFktIFZBUklBVElPTkFMLCBNQVhNSU4sIENBUkEgQU5EIENSUkEgUFJFRkVSRU5DRVMucGRmAA4BJgCSAEMAaABhAG0AYgBlAHIAcwAsACAARQBjAGgAZQBuAGkAcQB1AGUALAAgAFMAYQBpAHQAbwAgAC0AIABUAEUAUwBUAEEAQgBMAEUAIABJAE0AUABMAEkAQwBBAFQASQBPAE4AUwAgAE8ARgAgAFQAUgBBAE4AUwBMAEEAVABJAE8ATgAgAEkATgBWAEEAUgBJAEEATgBDAEUAIABBAE4ARAAgAEgATwBNAE8AVABIAEUAVABJAEMASQBUAFkALQAgAFYAQQBSAEkAQQBUAEkATwBOAEEATAAsACAATQBBAFgATQBJAE4ALAAgAEMAQQBSAEEAIABBAE4ARAAgAEMAUgBSAEEAIABQAFIARQBGAEUAUgBFAE4AQwBFAFMALgBwAGQAZgAPABoADABNAGEAYwBpAG4AdABvAHMAaAAgAEgARAASANZVc2Vycy9kYy9Ecm9wYm94L3Jlc2VhcmNoL2Vjb24tYXJrL3dyaXRpbmcgdGVtcGxhdGUvUmVmZXJlbmNlcy9QZGZzL0NoYW1iZXJzLCBFY2hlbmlxdWUsIFNhaXRvIC0gVEVTVEFCTEUgSU1QTElDQVRJT05TIE9GIFRSQU5TTEFUSU9OIElOVkFSSUFOQ0UgQU5EIEhPTU9USEVUSUNJVFktIFZBUklBVElPTkFMLCBNQVhNSU4sIENBUkEgQU5EIENSUkEgUFJFRkVSRU5DRVMucGRmABMAAS8AABUAAgAJ//8AAAAIAA0AGgAkAOwAAAAAAAACAQAAAAAAAAAFAAAAAAAAAAAAAAAAAAAEnA==}}

@article{hd20,
	author = {Hugh Dalton},
	date-modified = {2022-12-13 12:24:19 -0500},
	issn = {00130133, 14680297},
	journal = {The Economic Journal},
	number = {119},
	pages = {348--361},
	publisher = {[Royal Economic Society, Wiley]},
	title = {The Measurement of the Inequality of Incomes},
	url = {http://www.jstor.org/stable/2223525},
	urldate = {2022-12-13},
	volume = {30},
	year = {1920},
	bdsk-file-1 = {YnBsaXN0MDDSAQIDBFxyZWxhdGl2ZVBhdGhZYWxpYXNEYXRhXxBsLi4vLi4vLi4vZWNvbi1hcmsvd3JpdGluZyB0ZW1wbGF0ZS9SZWZlcmVuY2VzL1BkZnMvRGFsdG9uIC0gVGhlIG1lYXN1cmVtZW50IG9mIHRoZSBpbmVxdWFsaXR5IG9mIGluY29tZXMucGRmTxECSgAAAAACSgACAAAMTWFjaW50b3NoIEhEAAAAAAAAAAAAAAAAAAAA34EOdUJEAAH/////H0RhbHRvbiAtIFRoZSBtZWFzdSNGRkZGRkZGRi5wZGYAAAAAAAAAAAAAAAAAAAAAAAAAAAAAAAAAAAAAAAAAAP/////eaMKgAAAAAAAAAAAAAwAFAAAKIGN1AAAAAAAAAAAAAAAAAARQZGZzAAIAfy86VXNlcnM6ZGM6RHJvcGJveDpyZXNlYXJjaDplY29uLWFyazp3cml0aW5nIHRlbXBsYXRlOlJlZmVyZW5jZXM6UGRmczpEYWx0b24gLSBUaGUgbWVhc3VyZW1lbnQgb2YgdGhlIGluZXF1YWxpdHkgb2YgaW5jb21lcy5wZGYAAA4AdAA5AEQAYQBsAHQAbwBuACAALQAgAFQAaABlACAAbQBlAGEAcwB1AHIAZQBtAGUAbgB0ACAAbwBmACAAdABoAGUAIABpAG4AZQBxAHUAYQBsAGkAdAB5ACAAbwBmACAAaQBuAGMAbwBtAGUAcwAuAHAAZABmAA8AGgAMAE0AYQBjAGkAbgB0AG8AcwBoACAASABEABIAfVVzZXJzL2RjL0Ryb3Bib3gvcmVzZWFyY2gvZWNvbi1hcmsvd3JpdGluZyB0ZW1wbGF0ZS9SZWZlcmVuY2VzL1BkZnMvRGFsdG9uIC0gVGhlIG1lYXN1cmVtZW50IG9mIHRoZSBpbmVxdWFsaXR5IG9mIGluY29tZXMucGRmAAATAAEvAAAVAAIACf//AAAACAANABoAJACTAAAAAAAAAgEAAAAAAAAABQAAAAAAAAAAAAAAAAAAAuE=},
	bdsk-url-1 = {http://www.jstor.org/stable/2223525}}

@article{de61,
	abstract = {I. Are there uncertainties that are not risks? 643.--II. Uncertainties that are not risks, 647.--III. Why are some uncertainties not risks?--656.},
	author = {Daniel Ellsberg},
	date-modified = {2022-12-13 12:21:38 -0500},
	issn = {00335533, 15314650},
	journal = {The Quarterly Journal of Economics},
	number = {4},
	pages = {643--669},
	publisher = {Oxford University Press},
	title = {Risk, Ambiguity, and the Savage Axioms},
	url = {http://www.jstor.org/stable/1884324},
	urldate = {2022-12-13},
	volume = {75},
	year = {1961},
	bdsk-file-1 = {YnBsaXN0MDDSAQIDBFxyZWxhdGl2ZVBhdGhZYWxpYXNEYXRhXxBoLi4vLi4vLi4vZWNvbi1hcmsvd3JpdGluZyB0ZW1wbGF0ZS9SZWZlcmVuY2VzL1BkZnMvRWxpc2J1cmcgLSBSaXNrLCBBbWJpZ3VpdHksIGFuZCB0aGUgU2F2YWdlIGF4aW9tcy5wZGZPEQI6AAAAAAI6AAIAAAxNYWNpbnRvc2ggSEQAAAAAAAAAAAAAAAAAAADfgQ51QkQAAf////8fRWxpc2J1cmcgLSBSaXNrLCBBI0ZGRkZGRkZGLnBkZgAAAAAAAAAAAAAAAAAAAAAAAAAAAAAAAAAAAAAAAAAA/////94hcbgAAAAAAAAAAAADAAUAAAogY3UAAAAAAAAAAAAAAAAABFBkZnMAAgB7LzpVc2VyczpkYzpEcm9wYm94OnJlc2VhcmNoOmVjb24tYXJrOndyaXRpbmcgdGVtcGxhdGU6UmVmZXJlbmNlczpQZGZzOkVsaXNidXJnIC0gUmlzaywgQW1iaWd1aXR5LCBhbmQgdGhlIFNhdmFnZSBheGlvbXMucGRmAAAOAGwANQBFAGwAaQBzAGIAdQByAGcAIAAtACAAUgBpAHMAawAsACAAQQBtAGIAaQBnAHUAaQB0AHkALAAgAGEAbgBkACAAdABoAGUAIABTAGEAdgBhAGcAZQAgAGEAeABpAG8AbQBzAC4AcABkAGYADwAaAAwATQBhAGMAaQBuAHQAbwBzAGgAIABIAEQAEgB5VXNlcnMvZGMvRHJvcGJveC9yZXNlYXJjaC9lY29uLWFyay93cml0aW5nIHRlbXBsYXRlL1JlZmVyZW5jZXMvUGRmcy9FbGlzYnVyZyAtIFJpc2ssIEFtYmlndWl0eSwgYW5kIHRoZSBTYXZhZ2UgYXhpb21zLnBkZgAAEwABLwAAFQACAAn//wAAAAgADQAaACQAjwAAAAAAAAIBAAAAAAAAAAUAAAAAAAAAAAAAAAAAAALN},
	bdsk-url-1 = {http://www.jstor.org/stable/1884324}}

@article{yf14,
	author = {Farmer, Yanick},
	date-modified = {2022-12-13 12:24:42 -0500},
	doi = {10.1080/13669877.2014.923024},
	journal = {Journal of Risk Research},
	month = {12},
	pages = {1-13},
	title = {Using vNM expected utility theory to facilitate the decision-making in social ethics},
	volume = {18},
	year = {2014},
	bdsk-file-1 = {YnBsaXN0MDDSAQIDBFxyZWxhdGl2ZVBhdGhZYWxpYXNEYXRhXxCULi4vLi4vLi4vZWNvbi1hcmsvd3JpdGluZyB0ZW1wbGF0ZS9SZWZlcmVuY2VzL1BkZnMvRmFybWVyIC0gVXNpbmcgdk5NIGV4cGVjdGVkIHV0bGlpdHkgdGhlb3J5IHRvIGZhY2lsaXRhdGUgdGhlIGRlY2lzaW9uIG1ha2luZyBpbiBzb2NpYWwgZXRoaWNzLnBkZk8RAuoAAAAAAuoAAgAADE1hY2ludG9zaCBIRAAAAAAAAAAAAAAAAAAAAN+BDnVCRAAB/////x9GYXJtZXIgLSBVc2luZyB2Tk0jRkZGRkZGRkYucGRmAAAAAAAAAAAAAAAAAAAAAAAAAAAAAAAAAAAAAAAAAAD/////3mjHK1BERiBDQVJPAAMABQAACiBjdQAAAAAAAAAAAAAAAAAEUGRmcwACAKcvOlVzZXJzOmRjOkRyb3Bib3g6cmVzZWFyY2g6ZWNvbi1hcms6d3JpdGluZyB0ZW1wbGF0ZTpSZWZlcmVuY2VzOlBkZnM6RmFybWVyIC0gVXNpbmcgdk5NIGV4cGVjdGVkIHV0bGlpdHkgdGhlb3J5IHRvIGZhY2lsaXRhdGUgdGhlIGRlY2lzaW9uIG1ha2luZyBpbiBzb2NpYWwgZXRoaWNzLnBkZgAADgDEAGEARgBhAHIAbQBlAHIAIAAtACAAVQBzAGkAbgBnACAAdgBOAE0AIABlAHgAcABlAGMAdABlAGQAIAB1AHQAbABpAGkAdAB5ACAAdABoAGUAbwByAHkAIAB0AG8AIABmAGEAYwBpAGwAaQB0AGEAdABlACAAdABoAGUAIABkAGUAYwBpAHMAaQBvAG4AIABtAGEAawBpAG4AZwAgAGkAbgAgAHMAbwBjAGkAYQBsACAAZQB0AGgAaQBjAHMALgBwAGQAZgAPABoADABNAGEAYwBpAG4AdABvAHMAaAAgAEgARAASAKVVc2Vycy9kYy9Ecm9wYm94L3Jlc2VhcmNoL2Vjb24tYXJrL3dyaXRpbmcgdGVtcGxhdGUvUmVmZXJlbmNlcy9QZGZzL0Zhcm1lciAtIFVzaW5nIHZOTSBleHBlY3RlZCB1dGxpaXR5IHRoZW9yeSB0byBmYWNpbGl0YXRlIHRoZSBkZWNpc2lvbiBtYWtpbmcgaW4gc29jaWFsIGV0aGljcy5wZGYAABMAAS8AABUAAgAJ//8AAAAIAA0AGgAkALsAAAAAAAACAQAAAAAAAAAFAAAAAAAAAAAAAAAAAAADqQ==},
	bdsk-url-1 = {https://doi.org/10.1080/13669877.2014.923024}}

@article{ch83,
	abstract = {The main result of this paper is a generalization of the quasilinear mean of Nagumo [29], Kolmogorov [26], and de Finetti [17]. We prove that the most general class of mean values, denoted by $M_{\alpha \phi}$, satisfying Consistency with Certainty, Betweenness, Substitution-independence, Continuity, and Extension, is characterized by a continuous, nonvanishing weight function α and a continuous, strictly monotone value-like function φ. The quasilinear mean $M_{\phi}$ results whenever the weight function α is constant. Existence conditions and consistency conditions with first and higher degree stochastic dominance are derived and an extension of a well known inequality among quasilinear means, which is related to Pratt's [31] condition for comparative risk aversion, is obtained. Under the interpretation of mean value as a certainty equivalent for a lottery, the $M_{\alpha \phi}$ mean gives rise to a generalization of the expected utility hypothesis which has testable implications, one of which is the resolution of the Allais "paradox." The $M_{\alpha \phi}$ mean can also be used to model the equally-distributed-equivalent or representative income corresponding to an income distribution. This generates a family of relative and absolute inequality measures and a related family of weighted utilitarian social welfare functions.},
	author = {Chew Soo Hong},
	date-modified = {2022-12-13 12:13:33 -0500},
	issn = {00129682, 14680262},
	journal = {Econometrica},
	number = {4},
	pages = {1065--1092},
	publisher = {[Wiley, Econometric Society]},
	title = {A Generalization of the Quasilinear Mean with Applications to the Measurement of Income Inequality and Decision Theory Resolving the Allais Paradox},
	url = {http://www.jstor.org/stable/1912052},
	urldate = {2022-12-13},
	volume = {51},
	year = {1983},
	bdsk-file-1 = {YnBsaXN0MDDSAQIDBFxyZWxhdGl2ZVBhdGhZYWxpYXNEYXRhXxClLi4vLi4vLi4vZWNvbi1hcmsvd3JpdGluZyB0ZW1wbGF0ZS9SZWZlcmVuY2VzL1BkZnMvSG9uZyAtIEEgZ2VuZXJhbGl6YXRpb24gb2YgdGhlIHF1YXNpbGluZWFyIG1lYW4gd2l0aCBhcHBsaWNhdGlvbnMgdG8gdGhlIG1lYXN1cmVtZW50IG9mIGluY29tZSBpbmVxdWFsaXR5IGFuZF8ucGRmTxEDLAAAAAADLAACAAAMTWFjaW50b3NoIEhEAAAAAAAAAAAAAAAAAAAA34EOdUJEAAH/////H0hvbmcgLSBBIGdlbmVyYWxpeiNGRkZGRkZGRi5wZGYAAAAAAAAAAAAAAAAAAAAAAAAAAAAAAAAAAAAAAAAAAP/////eaLqmAAAAAAAAAAAAAwAFAAAKIGN1AAAAAAAAAAAAAAAAAARQZGZzAAIAuC86VXNlcnM6ZGM6RHJvcGJveDpyZXNlYXJjaDplY29uLWFyazp3cml0aW5nIHRlbXBsYXRlOlJlZmVyZW5jZXM6UGRmczpIb25nIC0gQSBnZW5lcmFsaXphdGlvbiBvZiB0aGUgcXVhc2lsaW5lYXIgbWVhbiB3aXRoIGFwcGxpY2F0aW9ucyB0byB0aGUgbWVhc3VyZW1lbnQgb2YgaW5jb21lIGluZXF1YWxpdHkgYW5kXy5wZGYADgDmAHIASABvAG4AZwAgAC0AIABBACAAZwBlAG4AZQByAGEAbABpAHoAYQB0AGkAbwBuACAAbwBmACAAdABoAGUAIABxAHUAYQBzAGkAbABpAG4AZQBhAHIAIABtAGUAYQBuACAAdwBpAHQAaAAgAGEAcABwAGwAaQBjAGEAdABpAG8AbgBzACAAdABvACAAdABoAGUAIABtAGUAYQBzAHUAcgBlAG0AZQBuAHQAIABvAGYAIABpAG4AYwBvAG0AZQAgAGkAbgBlAHEAdQBhAGwAaQB0AHkAIABhAG4AZABfAC4AcABkAGYADwAaAAwATQBhAGMAaQBuAHQAbwBzAGgAIABIAEQAEgC2VXNlcnMvZGMvRHJvcGJveC9yZXNlYXJjaC9lY29uLWFyay93cml0aW5nIHRlbXBsYXRlL1JlZmVyZW5jZXMvUGRmcy9Ib25nIC0gQSBnZW5lcmFsaXphdGlvbiBvZiB0aGUgcXVhc2lsaW5lYXIgbWVhbiB3aXRoIGFwcGxpY2F0aW9ucyB0byB0aGUgbWVhc3VyZW1lbnQgb2YgaW5jb21lIGluZXF1YWxpdHkgYW5kXy5wZGYAEwABLwAAFQACAAn//wAAAAgADQAaACQAzAAAAAAAAAIBAAAAAAAAAAUAAAAAAAAAAAAAAAAAAAP8},
	bdsk-url-1 = {http://www.jstor.org/stable/1912052}}

@article{chekzs87,
	author = {Hong, Chew Soo and Karni, Edi and Safra, Zvi},
	date-modified = {2022-12-13 12:22:27 -0500},
	journal = {Journal of Economic Theory},
	number = {2},
	pages = {370-381},
	title = {Risk aversion in the theory of expected utility with rank dependent probabilities},
	url = {https://EconPapers.repec.org/RePEc:eee:jetheo:v:42:y:1987:i:2:p:370-381},
	volume = {42},
	year = {1987},
	bdsk-file-1 = {YnBsaXN0MDDSAQIDBFxyZWxhdGl2ZVBhdGhZYWxpYXNEYXRhXxCdLi4vLi4vLi4vZWNvbi1hcmsvd3JpdGluZyB0ZW1wbGF0ZS9SZWZlcmVuY2VzL1BkZnMvSG9uZywgS2FybmksIFNhZnJhIC0gUmlzayBhdmVyc2lvbiBpIG50aGUgdGhvZXJ5IG9mIGV4cGVjdGVkIHV0aWxpdHkgd2l0aCByYW5rIGRlcGVuZGVudCBwcm9iYWJpbGl0aWVzLnBkZk8RAwwAAAAAAwwAAgAADE1hY2ludG9zaCBIRAAAAAAAAAAAAAAAAAAAAN+BDnVCRAAB/////x9Ib25nLCBLYXJuaSwgU2FmcmEjRkZGRkZGRkYucGRmAAAAAAAAAAAAAAAAAAAAAAAAAAAAAAAAAAAAAAAAAAD/////3p5eRVBERiBDQVJPAAMABQAACiBjdQAAAAAAAAAAAAAAAAAEUGRmcwACALAvOlVzZXJzOmRjOkRyb3Bib3g6cmVzZWFyY2g6ZWNvbi1hcms6d3JpdGluZyB0ZW1wbGF0ZTpSZWZlcmVuY2VzOlBkZnM6SG9uZywgS2FybmksIFNhZnJhIC0gUmlzayBhdmVyc2lvbiBpIG50aGUgdGhvZXJ5IG9mIGV4cGVjdGVkIHV0aWxpdHkgd2l0aCByYW5rIGRlcGVuZGVudCBwcm9iYWJpbGl0aWVzLnBkZgAOANYAagBIAG8AbgBnACwAIABLAGEAcgBuAGkALAAgAFMAYQBmAHIAYQAgAC0AIABSAGkAcwBrACAAYQB2AGUAcgBzAGkAbwBuACAAaQAgAG4AdABoAGUAIAB0AGgAbwBlAHIAeQAgAG8AZgAgAGUAeABwAGUAYwB0AGUAZAAgAHUAdABpAGwAaQB0AHkAIAB3AGkAdABoACAAcgBhAG4AawAgAGQAZQBwAGUAbgBkAGUAbgB0ACAAcAByAG8AYgBhAGIAaQBsAGkAdABpAGUAcwAuAHAAZABmAA8AGgAMAE0AYQBjAGkAbgB0AG8AcwBoACAASABEABIArlVzZXJzL2RjL0Ryb3Bib3gvcmVzZWFyY2gvZWNvbi1hcmsvd3JpdGluZyB0ZW1wbGF0ZS9SZWZlcmVuY2VzL1BkZnMvSG9uZywgS2FybmksIFNhZnJhIC0gUmlzayBhdmVyc2lvbiBpIG50aGUgdGhvZXJ5IG9mIGV4cGVjdGVkIHV0aWxpdHkgd2l0aCByYW5rIGRlcGVuZGVudCBwcm9iYWJpbGl0aWVzLnBkZgATAAEvAAAVAAIACf//AAAACAANABoAJADEAAAAAAAAAgEAAAAAAAAABQAAAAAAAAAAAAAAAAAAA9Q=},
	bdsk-url-1 = {https://EconPapers.repec.org/RePEc:eee:jetheo:v:42:y:1987:i:2:p:370-381}}

@article{rklm81,
	author = {Richard E. Kihlstrom and Leonard J. Mirman},
	date-modified = {2022-12-13 12:16:39 -0500},
	issn = {00346527, 1467937X},
	journal = {The Review of Economic Studies},
	number = {2},
	pages = {271--280},
	publisher = {[Oxford University Press, Review of Economic Studies, Ltd.]},
	title = {Constant, Increasing and Decreasing Risk Aversion with Many Commodities},
	url = {http://www.jstor.org/stable/2296884},
	urldate = {2022-12-13},
	volume = {48},
	year = {1981},
	bdsk-file-1 = {YnBsaXN0MDDSAQIDBFxyZWxhdGl2ZVBhdGhZYWxpYXNEYXRhXxCTLi4vLi4vLi4vZWNvbi1hcmsvd3JpdGluZyB0ZW1wbGF0ZS9SZWZlcmVuY2VzL1BkZnMvS2lobHN0cm9tLCBNaXJtYW4gLSBDb25zdGFudCwgaW5jcmVhc2luZywgYW5kIGRlY3JlYXNpbmcgcmlzayBhdmVyc2lvbiB3aXRoIG1hbnkgY29tbW9kaXRpZXMucGRmTxEC5AAAAAAC5AACAAAMTWFjaW50b3NoIEhEAAAAAAAAAAAAAAAAAAAA34EOdUJEAAH/////H0tpaGxzdHJvbSwgTWlybWFuICNGRkZGRkZGRi5wZGYAAAAAAAAAAAAAAAAAAAAAAAAAAAAAAAAAAAAAAAAAAP/////eaMVEUERGIENBUk8AAwAFAAAKIGN1AAAAAAAAAAAAAAAAAARQZGZzAAIApi86VXNlcnM6ZGM6RHJvcGJveDpyZXNlYXJjaDplY29uLWFyazp3cml0aW5nIHRlbXBsYXRlOlJlZmVyZW5jZXM6UGRmczpLaWhsc3Ryb20sIE1pcm1hbiAtIENvbnN0YW50LCBpbmNyZWFzaW5nLCBhbmQgZGVjcmVhc2luZyByaXNrIGF2ZXJzaW9uIHdpdGggbWFueSBjb21tb2RpdGllcy5wZGYADgDCAGAASwBpAGgAbABzAHQAcgBvAG0ALAAgAE0AaQByAG0AYQBuACAALQAgAEMAbwBuAHMAdABhAG4AdAAsACAAaQBuAGMAcgBlAGEAcwBpAG4AZwAsACAAYQBuAGQAIABkAGUAYwByAGUAYQBzAGkAbgBnACAAcgBpAHMAawAgAGEAdgBlAHIAcwBpAG8AbgAgAHcAaQB0AGgAIABtAGEAbgB5ACAAYwBvAG0AbQBvAGQAaQB0AGkAZQBzAC4AcABkAGYADwAaAAwATQBhAGMAaQBuAHQAbwBzAGgAIABIAEQAEgCkVXNlcnMvZGMvRHJvcGJveC9yZXNlYXJjaC9lY29uLWFyay93cml0aW5nIHRlbXBsYXRlL1JlZmVyZW5jZXMvUGRmcy9LaWhsc3Ryb20sIE1pcm1hbiAtIENvbnN0YW50LCBpbmNyZWFzaW5nLCBhbmQgZGVjcmVhc2luZyByaXNrIGF2ZXJzaW9uIHdpdGggbWFueSBjb21tb2RpdGllcy5wZGYAEwABLwAAFQACAAn//wAAAAgADQAaACQAugAAAAAAAAIBAAAAAAAAAAUAAAAAAAAAAAAAAAAAAAOi},
	bdsk-url-1 = {http://www.jstor.org/stable/2296884}}

@inbook{mmms14,
	author = {Machina, Mark and Siniscalchi, Marciano},
	date-modified = {2022-12-13 12:18:36 -0500},
	doi = {10.1016/B978-0-444-53685-3.00013-1},
	isbn = {9780444536853},
	journal = {Handbook of the Economics of Risk and Uncertainty},
	month = {12},
	title = {Ambiguity and Ambiguity Aversion},
	volume = {1},
	year = {2014},
	bdsk-file-1 = {YnBsaXN0MDDSAQIDBFxyZWxhdGl2ZVBhdGhZYWxpYXNEYXRhXxBsLi4vLi4vLi4vZWNvbi1hcmsvd3JpdGluZyB0ZW1wbGF0ZS9SZWZlcmVuY2VzL1BkZnMvTWFjaGluYSwgU2luaXNjYWxjaGkgLSBIYW5kYm9vayBDaGFwdGVyIG9uIEFtYmlnIEF2ZXIucGRmTxECSgAAAAACSgACAAAMTWFjaW50b3NoIEhEAAAAAAAAAAAAAAAAAAAA34EOdUJEAAH/////H01hY2hpbmEsIFNpbmlzY2FsYyNGRkZGRkZGRi5wZGYAAAAAAAAAAAAAAAAAAAAAAAAAAAAAAAAAAAAAAAAAAP/////eIXEjAAAAAAAAAAAAAwAFAAAKIGN1AAAAAAAAAAAAAAAAAARQZGZzAAIAfy86VXNlcnM6ZGM6RHJvcGJveDpyZXNlYXJjaDplY29uLWFyazp3cml0aW5nIHRlbXBsYXRlOlJlZmVyZW5jZXM6UGRmczpNYWNoaW5hLCBTaW5pc2NhbGNoaSAtIEhhbmRib29rIENoYXB0ZXIgb24gQW1iaWcgQXZlci5wZGYAAA4AdAA5AE0AYQBjAGgAaQBuAGEALAAgAFMAaQBuAGkAcwBjAGEAbABjAGgAaQAgAC0AIABIAGEAbgBkAGIAbwBvAGsAIABDAGgAYQBwAHQAZQByACAAbwBuACAAQQBtAGIAaQBnACAAQQB2AGUAcgAuAHAAZABmAA8AGgAMAE0AYQBjAGkAbgB0AG8AcwBoACAASABEABIAfVVzZXJzL2RjL0Ryb3Bib3gvcmVzZWFyY2gvZWNvbi1hcmsvd3JpdGluZyB0ZW1wbGF0ZS9SZWZlcmVuY2VzL1BkZnMvTWFjaGluYSwgU2luaXNjYWxjaGkgLSBIYW5kYm9vayBDaGFwdGVyIG9uIEFtYmlnIEF2ZXIucGRmAAATAAEvAAAVAAIACf//AAAACAANABoAJACTAAAAAAAAAgEAAAAAAAAABQAAAAAAAAAAAAAAAAAAAuE=},
	bdsk-url-1 = {https://doi.org/10.1016/B978-0-444-53685-3.00013-1}}

@article{dn70,
	abstract = {No abstract is available for this item.},
	author = {Newbery, David},
	date-modified = {2022-12-13 12:14:00 -0500},
	journal = {Journal of Economic Theory},
	month = {September},
	number = {3},
	pages = {264-266},
	title = {{A theorem on the measurement of inequality}},
	url = {https://ideas.repec.org/a/eee/jetheo/v2y1970i3p264-266.html},
	volume = {2},
	year = 1970,
	bdsk-file-1 = {YnBsaXN0MDDSAQIDBFxyZWxhdGl2ZVBhdGhZYWxpYXNEYXRhXxBzLi4vLi4vLi4vZWNvbi1hcmsvd3JpdGluZyB0ZW1wbGF0ZS9SZWZlcmVuY2VzL1BkZnMvTmV3YmVycnkgLSBBIHRoZW9yZW0gb24gdGhlIG1lYXN1cmVtZW50IG9mIGluY29tZSBpbmVxdWFsaXR5LnBkZk8RAmQAAAAAAmQAAgAADE1hY2ludG9zaCBIRAAAAAAAAAAAAAAAAAAAAN+BDnVCRAAB/////x9OZXdiZXJyeSAtIEEgdGhlb3IjRkZGRkZGRkYucGRmAAAAAAAAAAAAAAAAAAAAAAAAAAAAAAAAAAAAAAAAAAD/////3mjCsAAAAAAAAAAAAAMABQAACiBjdQAAAAAAAAAAAAAAAAAEUGRmcwACAIYvOlVzZXJzOmRjOkRyb3Bib3g6cmVzZWFyY2g6ZWNvbi1hcms6d3JpdGluZyB0ZW1wbGF0ZTpSZWZlcmVuY2VzOlBkZnM6TmV3YmVycnkgLSBBIHRoZW9yZW0gb24gdGhlIG1lYXN1cmVtZW50IG9mIGluY29tZSBpbmVxdWFsaXR5LnBkZgAOAIIAQABOAGUAdwBiAGUAcgByAHkAIAAtACAAQQAgAHQAaABlAG8AcgBlAG0AIABvAG4AIAB0AGgAZQAgAG0AZQBhAHMAdQByAGUAbQBlAG4AdAAgAG8AZgAgAGkAbgBjAG8AbQBlACAAaQBuAGUAcQB1AGEAbABpAHQAeQAuAHAAZABmAA8AGgAMAE0AYQBjAGkAbgB0AG8AcwBoACAASABEABIAhFVzZXJzL2RjL0Ryb3Bib3gvcmVzZWFyY2gvZWNvbi1hcmsvd3JpdGluZyB0ZW1wbGF0ZS9SZWZlcmVuY2VzL1BkZnMvTmV3YmVycnkgLSBBIHRoZW9yZW0gb24gdGhlIG1lYXN1cmVtZW50IG9mIGluY29tZSBpbmVxdWFsaXR5LnBkZgATAAEvAAAVAAIACf//AAAACAANABoAJACaAAAAAAAAAgEAAAAAAAAABQAAAAAAAAAAAAAAAAAAAwI=},
	bdsk-url-1 = {https://ideas.repec.org/a/eee/jetheo/v2y1970i3p264-266.html}}

@book{pew12,
	author = {Pew Research Center},
	date-modified = {2022-12-13 12:24:00 -0500},
	publisher = {Pew Research Center},
	title = {The Lost Decade of the Middle Class: Fewer, Poorer, Gloomier},
	url = {https://books.google.com/books?id=IL8snQAACAAJ},
	year = {2012},
	bdsk-file-1 = {YnBsaXN0MDDSAQIDBFxyZWxhdGl2ZVBhdGhZYWxpYXNEYXRhXxBvLi4vLi4vLi4vZWNvbi1hcmsvd3JpdGluZyB0ZW1wbGF0ZS9SZWZlcmVuY2VzL1BkZnMvUGV3IHN0dWRpZXMgY2VudGVyIC0gdGhlIGxvc3QgZGVjYWRlIG9mIHRoZSBtaWRkbGUgY2xhc3MucGRmTxECVAAAAAACVAACAAAMTWFjaW50b3NoIEhEAAAAAAAAAAAAAAAAAAAA34EOdUJEAAH/////H1BldyBzdHVkaWVzIGNlbnRlciNGRkZGRkZGRi5wZGYAAAAAAAAAAAAAAAAAAAAAAAAAAAAAAAAAAAAAAAAAAP/////eaMEDUERGIENBUk8AAwAFAAAKIGN1AAAAAAAAAAAAAAAAAARQZGZzAAIAgi86VXNlcnM6ZGM6RHJvcGJveDpyZXNlYXJjaDplY29uLWFyazp3cml0aW5nIHRlbXBsYXRlOlJlZmVyZW5jZXM6UGRmczpQZXcgc3R1ZGllcyBjZW50ZXIgLSB0aGUgbG9zdCBkZWNhZGUgb2YgdGhlIG1pZGRsZSBjbGFzcy5wZGYADgB6ADwAUABlAHcAIABzAHQAdQBkAGkAZQBzACAAYwBlAG4AdABlAHIAIAAtACAAdABoAGUAIABsAG8AcwB0ACAAZABlAGMAYQBkAGUAIABvAGYAIAB0AGgAZQAgAG0AaQBkAGQAbABlACAAYwBsAGEAcwBzAC4AcABkAGYADwAaAAwATQBhAGMAaQBuAHQAbwBzAGgAIABIAEQAEgCAVXNlcnMvZGMvRHJvcGJveC9yZXNlYXJjaC9lY29uLWFyay93cml0aW5nIHRlbXBsYXRlL1JlZmVyZW5jZXMvUGRmcy9QZXcgc3R1ZGllcyBjZW50ZXIgLSB0aGUgbG9zdCBkZWNhZGUgb2YgdGhlIG1pZGRsZSBjbGFzcy5wZGYAEwABLwAAFQACAAn//wAAAAgADQAaACQAlgAAAAAAAAIBAAAAAAAAAAUAAAAAAAAAAAAAAAAAAALu},
	bdsk-url-1 = {https://books.google.com/books?id=IL8snQAACAAJ}}

@article{jp64,
	abstract = {This paper concerns utility functions for money. A measure of risk aversion in the small, the risk premium or insurance premium for an arbitrary risk, and a natural concept of decreasing risk aversion are discussed and related to one another. Risks are also considered as a proportion of total assets.},
	author = {John W. Pratt},
	date-modified = {2022-12-13 12:22:01 -0500},
	issn = {00129682, 14680262},
	journal = {Econometrica},
	number = {1/2},
	pages = {122--136},
	publisher = {[Wiley, Econometric Society]},
	title = {Risk Aversion in the Small and in the Large},
	url = {http://www.jstor.org/stable/1913738},
	urldate = {2022-12-13},
	volume = {32},
	year = {1964},
	bdsk-file-1 = {YnBsaXN0MDDSAQIDBFxyZWxhdGl2ZVBhdGhZYWxpYXNEYXRhXxBnLi4vLi4vLi4vZWNvbi1hcmsvd3JpdGluZyB0ZW1wbGF0ZS9SZWZlcmVuY2VzL1BkZnMvUHJhdHQgLSByaXNrIGF2ZXJzaW9uIGluIHRoZSBzbWFsbCBhbmQgdGhlIGxhcmdlLnBkZk8RAjQAAAAAAjQAAgAADE1hY2ludG9zaCBIRAAAAAAAAAAAAAAAAAAAAN+BDnVCRAAB/////x9QcmF0dCAtIHJpc2sgYXZlcnMjRkZGRkZGRkYucGRmAAAAAAAAAAAAAAAAAAAAAAAAAAAAAAAAAAAAAAAAAAD/////3mi+JwAAAAAAAAAAAAMABQAACiBjdQAAAAAAAAAAAAAAAAAEUGRmcwACAHovOlVzZXJzOmRjOkRyb3Bib3g6cmVzZWFyY2g6ZWNvbi1hcms6d3JpdGluZyB0ZW1wbGF0ZTpSZWZlcmVuY2VzOlBkZnM6UHJhdHQgLSByaXNrIGF2ZXJzaW9uIGluIHRoZSBzbWFsbCBhbmQgdGhlIGxhcmdlLnBkZgAOAGoANABQAHIAYQB0AHQAIAAtACAAcgBpAHMAawAgAGEAdgBlAHIAcwBpAG8AbgAgAGkAbgAgAHQAaABlACAAcwBtAGEAbABsACAAYQBuAGQAIAB0AGgAZQAgAGwAYQByAGcAZQAuAHAAZABmAA8AGgAMAE0AYQBjAGkAbgB0AG8AcwBoACAASABEABIAeFVzZXJzL2RjL0Ryb3Bib3gvcmVzZWFyY2gvZWNvbi1hcmsvd3JpdGluZyB0ZW1wbGF0ZS9SZWZlcmVuY2VzL1BkZnMvUHJhdHQgLSByaXNrIGF2ZXJzaW9uIGluIHRoZSBzbWFsbCBhbmQgdGhlIGxhcmdlLnBkZgATAAEvAAAVAAIACf//AAAACAANABoAJACOAAAAAAAAAgEAAAAAAAAABQAAAAAAAAAAAAAAAAAAAsY=},
	bdsk-url-1 = {http://www.jstor.org/stable/1913738}}

@book{jr71,
	abstract = {
John Rawls aims to express an essential part of the common core
of the democratic tradition-justice as fairness-and to provide an
alternative to utilitarianism, which had dominated the Anglo-Saxon
tradition of political thought since the nineteenth century. Rawls
substitutes the ideal of the social contract as a more satisfactory
account of the basic rights and liberties of citizens as free and
equal persons. "Each person," writes Rawls, "possesses an
inviolability founded on justice that even the welfare of society
as a whole cannot override." Advancing the ideas of Rousseau, Kant,
Emerson, and Lincoln, Rawls's theory is as powerful today as it was
when first published. Though the revised edition of A Theory of
Justice, published in 1999, is the definitive statement of
Rawls's view, much of the extensive literature on his theory refers
to the original. This first edition is available for scholars and
serious students of Rawls's work.
},
	author = {John Rawls},
	date-modified = {2022-12-28 17:56:30 -0500},
	isbn = {9780674880108},
	publisher = {Harvard University Press},
	title = {A Theory of Justice: Original Edition},
	url = {http://www.jstor.org/stable/j.ctvjf9z6v},
	urldate = {2022-12-13},
	year = {1971},
	bdsk-file-1 = {YnBsaXN0MDDSAQIDBFxyZWxhdGl2ZVBhdGhZYWxpYXNEYXRhXxBSLi4vLi4vLi4vZWNvbi1hcmsvd3JpdGluZyB0ZW1wbGF0ZS9SZWZlcmVuY2VzL1BkZnMvUmF3bHMgLSBBIHRoZW9yeSBvZiBqdXN0aWNlLnBkZk8RAeIAAAAAAeIAAgAADE1hY2ludG9zaCBIRAAAAAAAAAAAAAAAAAAAAN+BDnVCRAAB/////x9SYXdscyAtIEEgdGhlb3J5IG9mIGp1c3RpY2UucGRmAAAAAAAAAAAAAAAAAAAAAAAAAAAAAAAAAAAAAAAAAAD/////3mjH1wAAAAAAAAAAAAMABQAACiBjdQAAAAAAAAAAAAAAAAAEUGRmcwACAGUvOlVzZXJzOmRjOkRyb3Bib3g6cmVzZWFyY2g6ZWNvbi1hcms6d3JpdGluZyB0ZW1wbGF0ZTpSZWZlcmVuY2VzOlBkZnM6UmF3bHMgLSBBIHRoZW9yeSBvZiBqdXN0aWNlLnBkZgAADgBAAB8AUgBhAHcAbABzACAALQAgAEEAIAB0AGgAZQBvAHIAeQAgAG8AZgAgAGoAdQBzAHQAaQBjAGUALgBwAGQAZgAPABoADABNAGEAYwBpAG4AdABvAHMAaAAgAEgARAASAGNVc2Vycy9kYy9Ecm9wYm94L3Jlc2VhcmNoL2Vjb24tYXJrL3dyaXRpbmcgdGVtcGxhdGUvUmVmZXJlbmNlcy9QZGZzL1Jhd2xzIC0gQSB0aGVvcnkgb2YganVzdGljZS5wZGYAABMAAS8AABUAAgAJ//8AAAAIAA0AGgAkAHkAAAAAAAACAQAAAAAAAAAFAAAAAAAAAAAAAAAAAAACXw==},
	bdsk-url-1 = {http://www.jstor.org/stable/j.ctvjf9z6v}}

@article{mrjs71,
	author = {Rothschild, Michael and Stiglitz, Joseph},
	date-modified = {2022-12-13 12:19:45 -0500},
	journal = {Journal of Economic Theory},
	number = {1},
	pages = {66-84},
	title = {Increasing risk II: Its economic consequences},
	url = {https://EconPapers.repec.org/RePEc:eee:jetheo:v:3:y:1971:i:1:p:66-84},
	volume = {3},
	year = {1971},
	bdsk-file-1 = {YnBsaXN0MDDSAQIDBFxyZWxhdGl2ZVBhdGhZYWxpYXNEYXRhXxBjLi4vLi4vLi4vZWNvbi1hcmsvd3JpdGluZyB0ZW1wbGF0ZS9SZWZlcmVuY2VzL1BkZnMvUm90aHNjaGlsZCBhbmQgU3RpZ2xpdHogLSBJbmNyZWFzaW5nIHJpc2sgSUkucGRmTxECJAAAAAACJAACAAAMTWFjaW50b3NoIEhEAAAAAAAAAAAAAAAAAAAA34EOdUJEAAH/////H1JvdGhzY2hpbGQgYW5kIFN0aSNGRkZGRkZGRi5wZGYAAAAAAAAAAAAAAAAAAAAAAAAAAAAAAAAAAAAAAAAAAP/////eaMLCAAAAAAAAAAAAAwAFAAAKIGN1AAAAAAAAAAAAAAAAAARQZGZzAAIAdi86VXNlcnM6ZGM6RHJvcGJveDpyZXNlYXJjaDplY29uLWFyazp3cml0aW5nIHRlbXBsYXRlOlJlZmVyZW5jZXM6UGRmczpSb3Roc2NoaWxkIGFuZCBTdGlnbGl0eiAtIEluY3JlYXNpbmcgcmlzayBJSS5wZGYADgBiADAAUgBvAHQAaABzAGMAaABpAGwAZAAgAGEAbgBkACAAUwB0AGkAZwBsAGkAdAB6ACAALQAgAEkAbgBjAHIAZQBhAHMAaQBuAGcAIAByAGkAcwBrACAASQBJAC4AcABkAGYADwAaAAwATQBhAGMAaQBuAHQAbwBzAGgAIABIAEQAEgB0VXNlcnMvZGMvRHJvcGJveC9yZXNlYXJjaC9lY29uLWFyay93cml0aW5nIHRlbXBsYXRlL1JlZmVyZW5jZXMvUGRmcy9Sb3Roc2NoaWxkIGFuZCBTdGlnbGl0eiAtIEluY3JlYXNpbmcgcmlzayBJSS5wZGYAEwABLwAAFQACAAn//wAAAAgADQAaACQAigAAAAAAAAIBAAAAAAAAAAUAAAAAAAAAAAAAAAAAAAKy},
	bdsk-url-1 = {https://EconPapers.repec.org/RePEc:eee:jetheo:v:3:y:1971:i:1:p:66-84}}

@article{sz89,
	abstract = {No one has derived closed-form solutions for consumption with stochastic labor income and constant relative risk aversion utility. A numerical technique is used here to give an accurate approximation to the solution. The resulting consumption function is often dramatically different than the certainty equivalence solution typically used, in which consumption is proportional to the sum of financial wealth and the present value of expected future income. The results help explain three important empirical consumption puzzles: excess sensitivity of consumption to transitory income, high growth of consumption in the presence of a low risk-free interest rate, and underspending of the elderly.},
	author = {Stephen P. Zeldes},
	date-modified = {2022-12-13 12:20:32 -0500},
	issn = {00335533, 15314650},
	journal = {The Quarterly Journal of Economics},
	number = {2},
	pages = {275--298},
	publisher = {Oxford University Press},
	title = {Optimal Consumption with Stochastic Income: Deviations from Certainty Equivalence},
	url = {http://www.jstor.org/stable/2937848},
	urldate = {2022-12-13},
	volume = {104},
	year = {1989},
	bdsk-file-1 = {YnBsaXN0MDDSAQIDBFxyZWxhdGl2ZVBhdGhZYWxpYXNEYXRhXxBRLi4vLi4vLi4vZWNvbi1hcmsvd3JpdGluZyB0ZW1wbGF0ZS9SZWZlcmVuY2VzL1BkZnMvWmVsZGVzIC0gU3RvY2Foc3RpYyBJbmNvbWUucGRmTxEB3AAAAAAB3AACAAAMTWFjaW50b3NoIEhEAAAAAAAAAAAAAAAAAAAA34EOdUJEAAH/////HlplbGRlcyAtIFN0b2NhaHN0aWMgSW5jb21lLnBkZgAAAAAAAAAAAAAAAAAAAAAAAAAAAAAAAAAAAAAAAAAAAP/////eaMIOAAAAAAAAAAAAAwAFAAAKIGN1AAAAAAAAAAAAAAAAAARQZGZzAAIAZC86VXNlcnM6ZGM6RHJvcGJveDpyZXNlYXJjaDplY29uLWFyazp3cml0aW5nIHRlbXBsYXRlOlJlZmVyZW5jZXM6UGRmczpaZWxkZXMgLSBTdG9jYWhzdGljIEluY29tZS5wZGYADgA+AB4AWgBlAGwAZABlAHMAIAAtACAAUwB0AG8AYwBhAGgAcwB0AGkAYwAgAEkAbgBjAG8AbQBlAC4AcABkAGYADwAaAAwATQBhAGMAaQBuAHQAbwBzAGgAIABIAEQAEgBiVXNlcnMvZGMvRHJvcGJveC9yZXNlYXJjaC9lY29uLWFyay93cml0aW5nIHRlbXBsYXRlL1JlZmVyZW5jZXMvUGRmcy9aZWxkZXMgLSBTdG9jYWhzdGljIEluY29tZS5wZGYAEwABLwAAFQACAAn//wAAAAgADQAaACQAeAAAAAAAAAIBAAAAAAAAAAUAAAAAAAAAAAAAAAAAAAJY},
	bdsk-url-1 = {http://www.jstor.org/stable/2937848}}

@techreport{sz16,
	abstract = {This paper combines income tax returns with Flow of Funds data to estimate the distribution of household wealth in the United States since 1913. We estimate wealth by capitalizing the incomes reported by individual taxpayers, accounting for assets that do not generate taxable income. We successfully test our capitalization method in three micro datasets where we can observe both income and wealth: the Survey of Consumer Finance, linked estate and income tax returns, and foundations' tax records. Wealth concentration has followed a U-shaped evolution over the last 100 years: It was high in the beginning of the twentieth century, fell from 1929 to 1978, and has continuously increased since then. The rise of wealth inequality is almost entirely due to the rise of the top 0.1% wealth share, from 7% in 1979 to 22% in 2012--a level almost as high as in 1929. The bottom 90% wealth share first increased up to the mid-1980s and then steadily declined. The increase in wealth concentration is due to the surge of top incomes combined with an increase in saving rate inequality. Top wealth-holders are younger today than in the 1960s and earn a higher fraction of total labor income in the economy. We explain how our findings can be reconciled with Survey of Consumer Finances and estate tax data.},
	author = {Saez, Emmanuel and Zucman, Gabriel},
	doi = {10.3386/w20625},
	institution = {National Bureau of Economic Research},
	month = {October},
	number = {20625},
	series = {Working Paper Series},
	title = {Wealth Inequality in the United States since 1913: Evidence from Capitalized Income Tax Data},
	type = {Working Paper},
	url = {http://www.nber.org/papers/w20625},
	year = {2014},
	bdsk-url-1 = {http://www.nber.org/papers/w20625},
	bdsk-url-2 = {https://doi.org/10.3386/w20625}}

@article{bks16,
	author = {Bricker, Jesse and Henriques, Alice and Krimmel, Jacob and Sabelhaus, John},
	journal = {Brookings Papers on Economic Activity},
	keywords = {wealth; income; household surveys; data sets; methodology; administrative tax data; political economy; inequality},
	number = {1 (Spring)},
	pages = {261-331},
	title = {Measuring Income and Wealth at the Top Using Administrative and Survey Data},
	url = {https://EconPapers.repec.org/RePEc:bin:bpeajo:v:47:y:2016:i:2016-01:p:261-331},
	volume = {47},
	year = {2016},
	bdsk-url-1 = {https://EconPapers.repec.org/RePEc:bin:bpeajo:v:47:y:2016:i:2016-01:p:261-331}}

@book{g09,
place={Cambridge},
series={Econometric Society Monographs},
title={Theory of Decision under Uncertainty}, DOI={10.1017/CBO9780511840203},
publisher={Cambridge University Press},
author={Gilboa, Itzhak}, year={2009},
collection={Econometric Society Monographs}}

@ARTICLE{gs89,
title = {Maxmin expected utility with non-unique prior},
author = {Gilboa, Itzhak and Schmeidler, David},
year = {1989},
journal = {Journal of Mathematical Economics},
volume = {18},
number = {2},
pages = {141-153},
url = {https://EconPapers.repec.org/RePEc:eee:mateco:v:18:y:1989:i:2:p:141-153}
}